<?xml version="1.0" encoding="UTF-8"?><collection xmlns="http://www.loc.gov/MARC21/slim"><record><leader>00537nam--2200181-i-4500</leader><controlfield tag="001">000014606</controlfield><controlfield tag="002">20161230</controlfield><controlfield tag="005">20170108172659</controlfield><controlfield tag="008">060222s1000------------r-----000-0-eng-d</controlfield><datafield ind1=" " ind2=" " tag="080"><subfield code="a">621.039.587(047.3)</subfield></datafield><datafield ind1=" " ind2=" " tag="100"><subfield code="a">Siciliano, F</subfield></datafield><datafield ind1=" " ind2=" " tag="245"><subfield code="a">Ampx ii 123 and 219 group neutron cross- section libraries production and validation for criticality safety studies</subfield></datafield><datafield ind1=" " ind2=" " tag="260"><subfield code="a">Roma</subfield><subfield code="b">Comitato Nazionale Energia Nucleare</subfield><subfield code="c">1980</subfield></datafield><datafield ind1=" " ind2=" " tag="300"><subfield code="a">43 p</subfield></datafield><datafield ind1=" " ind2=" " tag="490"><subfield code="a">80-20</subfield></datafield><datafield ind1=" " ind2=" " tag="700"><subfield code="a">Abbas, T</subfield></datafield><datafield ind1=" " ind2=" " tag="852"><subfield code="a">17340</subfield></datafield><datafield ind1=" " ind2=" " tag="CAT"><subfield code="a">SYS</subfield><subfield code="c">20170108</subfield><subfield code="h">172659</subfield></datafield></record></collection>